<record xmlns="http://www.loc.gov/MARC21/slim" xmlns:xsi="http://www.w3.org/2001/XMLSchema-instance" xsi:schemaLocation="http://www.loc.gov/MARC21/slim http://www.loc.gov/standards/marcxml/schema/MARC21slim.xsd"><leader>02641nam a2200493   4500</leader><controlfield tag="001">002771140</controlfield><controlfield tag="003">NNU</controlfield><controlfield tag="006">m        d        </controlfield><controlfield tag="007">cr cn |||m|||a</controlfield><controlfield tag="008">150223s1967    ir      o     000 0 araxd</controlfield><datafield ind1=" " ind2=" " tag="040"><subfield code="a">NNU</subfield><subfield code="b">eng</subfield><subfield code="e">rda</subfield><subfield code="c">NNU</subfield></datafield><datafield ind1="0" ind2=" " tag="041"><subfield code="a">ara</subfield><subfield code="a">per</subfield><subfield code="a">eng</subfield></datafield><datafield ind1="0" ind2="0" tag="050"><subfield code="a">B753.M83</subfield><subfield code="b">S5</subfield></datafield><datafield ind1="1" ind2=" " tag="100"><subfield code="6">880-01</subfield><subfield code="a">S&#803;adr al-Di&#772;n Shi&#772;ra&#772;zi&#772;, Muh&#803;ammad ibn Ibra&#772;hi&#772;m,</subfield><subfield code="d">-1641.</subfield></datafield><datafield ind1="1" ind2="3" tag="245"><subfield code="6">880-02</subfield><subfield code="a">al-Shawa&#772;hid al-rubu&#772;bi&#772;yah /</subfield><subfield code="c">S&#803;adr al-Di&#772;n Shi&#772;ra&#772;zi&#772; ; ba&#772; ta&#699;li&#772;q va tas&#803;h&#803;i&#772;h&#803; va muqaddamah-&#700;i Sayyid Jala&#772;l al-Di&#772;n A&#772;shtiya&#772;ni&#772;.</subfield></datafield><datafield ind1="1" ind2="5" tag="246"><subfield code="a">Divine witnesses</subfield></datafield><datafield ind1=" " ind2=" " tag="260"><subfield code="6">880-03</subfield><subfield code="a">Mashhad :</subfield><subfield code="b">Cha&#772;pkha&#772;nah-&#700;i Da&#772;nishga&#772;h-i Mashhad,</subfield><subfield code="c">1346 [1967]</subfield></datafield><datafield ind1=" " ind2=" " tag="300"><subfield code="a">online resource (1 volume (various pagings))</subfield></datafield><datafield ind1=" " ind2=" " tag="336"><subfield code="a">text</subfield><subfield code="2">rdacontent</subfield></datafield><datafield ind1=" " ind2=" " tag="337"><subfield code="a">computer</subfield><subfield code="2">rdamedia</subfield></datafield><datafield ind1=" " ind2=" " tag="338"><subfield code="a">online resource</subfield><subfield code="2">rdacarrier</subfield></datafield><datafield ind1="1" ind2=" " tag="490"><subfield code="6">880-04</subfield><subfield code="a">Intisha&#772;ra&#772;t-i Da&#772;nishga&#772;h-i Mashhad ;</subfield><subfield code="v">14</subfield></datafield><datafield ind1=" " ind2=" " tag="500"><subfield code="a">With the glosses of Ha&#772;di&#772; Sabzava&#772;ri&#772;.</subfield></datafield><datafield ind1=" " ind2=" " tag="500"><subfield code="a">Part of the Arabic Collections Online (ACO) project, contributed by New York Univeristy Libraries.</subfield></datafield><datafield ind1=" " ind2=" " tag="533"><subfield code="a">Electronic reproduction.</subfield><subfield code="b">New York, N.Y. :</subfield><subfield code="c">New York University,</subfield><subfield code="d">2015.</subfield><subfield code="5">NNU</subfield></datafield><datafield ind1=" " ind2=" " tag="546"><subfield code="a">Text in Arabic; commentary and notes in Persian; prefaces in Persian and English.</subfield></datafield><datafield ind1=" " ind2="0" tag="650"><subfield code="a">Islamic philosophy.</subfield></datafield><datafield ind1=" " ind2="7" tag="650"><subfield code="a">Islamic philosophy.</subfield><subfield code="2">fast</subfield><subfield code="0">(OCoLC)fst01730358</subfield></datafield><datafield ind1="1" ind2=" " tag="700"><subfield code="6">880-05</subfield><subfield code="a">&#256;shtiy&#257;n&#299;, Jal&#257;l al-D&#299;n</subfield></datafield><datafield ind1="1" ind2=" " tag="700"><subfield code="6">880-06</subfield><subfield code="a">Sabzava&#772;ri&#772;, Ha&#772;di&#772; ibn Mahdi&#772;,</subfield><subfield code="d">1797 or 1798-</subfield></datafield><datafield ind1="2" ind2=" " tag="710"><subfield code="a">New York University.</subfield><subfield code="b">Libraries.</subfield></datafield><datafield ind1="0" ind2=" " tag="730"><subfield code="a">Arabic Collections Online.</subfield></datafield><datafield ind1="0" ind2="8" tag="776"><subfield code="i">Print version:</subfield><subfield code="a">S&#803;adr al-Di&#772;n Shi&#772;ra&#772;zi&#772;, Muh&#803;ammad ibn Ibra&#772;hi&#772;m, -1641.</subfield><subfield code="t">al-Shawa&#772;hid al-rubu&#772;bi&#772;yah</subfield><subfield code="w">(NNU)002771140</subfield><subfield code="w">(DLC)   79268522</subfield></datafield><datafield ind1="4" ind2="0" tag="856"><subfield code="u">http://hdl.handle.net/2333.1/g79cnrhv</subfield></datafield><datafield ind1="1" ind2=" " tag="880"><subfield code="6">100-01/</subfield><subfield code="a">&#1589;&#1583;&#1585; &#1575;&#1604;&#1583;&#1610;&#1606; &#1588;&#1610;&#1585;&#1575;&#1586;&#1610;&#1548; &#1605;&#1581;&#1605;&#1583; &#1576;&#1606; &#1573;&#1576;&#1585;&#1575;&#1607;&#1610;&#1605;&#1548;</subfield><subfield code="d">-1641.</subfield></datafield><datafield ind1="1" ind2="2" tag="880"><subfield code="6">245-02/</subfield><subfield code="a">&#1575;&#1604;&#1588;&#1608;&#1575;&#1607;&#1583; &#1575;&#1604;&#1585;&#1576;&#1608;&#1576;&#1610;&#1577; /</subfield><subfield code="c">&#1589;&#1583;&#1585; &#1575;&#1604;&#1583;&#1610;&#1606; &#1588;&#1610;&#1585;&#1575;&#1586;&#1609; &#1563; &#1576;&#1575; &#1578;&#1593;&#1604;&#1610;&#1602; &#1608;&#1578;&#1589;&#1581;&#1610;&#1581; &#1608;&#1605;&#1602;&#1583;&#1605;&#1728; &#1587;&#1610;&#1583; &#1580;&#1604;&#1575;&#1604; &#1575;&#1604;&#1583;&#1610;&#1606; &#1570;&#1588;&#1578;&#1610;&#1575;&#1606;&#1609;.</subfield></datafield><datafield ind1=" " ind2=" " tag="880"><subfield code="6">260-03/</subfield><subfield code="a">&#1605;&#1588;&#1607;&#1583; :</subfield><subfield code="b">&#1670;&#1575;&#1662;&#1582;&#1575;&#1606;&#1728; &#1583;&#1575;&#1606;&#1588;&#1711;&#1575;&#1607; &#1605;&#1588;&#1607;&#1583;&#1548;</subfield><subfield code="c">&#1633;&#1635;&#1636;&#1638;.</subfield></datafield><datafield ind1="1" ind2=" " tag="880"><subfield code="6">490-04/</subfield><subfield code="a">&#1575;&#1606;&#1578;&#1588;&#1575;&#1585;&#1575;&#1578; &#1583;&#1575;&#1606;&#1588;&#1711;&#1575;&#1607; &#1605;&#1588;&#1607;&#1583; &#1563;</subfield><subfield code="v">&#1633;&#1636;</subfield></datafield><datafield ind1="1" ind2=" " tag="880"><subfield code="6">700-05/</subfield><subfield code="a">&#1570;&#1588;&#1578;&#1610;&#1575;&#1606;&#1610;&#1548; &#1580;&#1604;&#1575;&#1604; &#1575;&#1604;&#1583;&#1610;&#1606;.</subfield></datafield><datafield ind1="1" ind2=" " tag="880"><subfield code="6">700-06/</subfield><subfield code="a">&#1587;&#1576;&#1586;&#1608;&#1575;&#1585;&#1609;&#1548; &#1607;&#1575;&#1583;&#1609; &#1576;&#1606; &#1605;&#1607;&#1583;&#1609;.</subfield></datafield><datafield ind1=" " ind2="0" tag="830"><subfield code="6">880-07</subfield><subfield code="a">Intish&#257;r&#257;t-i D&#257;nishg&#257;h-i Mashhad</subfield><subfield code="v">14.</subfield></datafield><datafield ind1=" " ind2="0" tag="880"><subfield code="6">830-07/</subfield><subfield code="a">&#1575;&#1606;&#1578;&#1588;&#1575;&#1585;&#1575;&#1578; &#1583;&#1575;&#1606;&#1588;&#1711;&#1575;&#1607; &#1605;&#1588;&#1607;&#1583; &#1563;</subfield><subfield code="v">&#1633;&#1636;.</subfield></datafield><datafield ind1=" " ind2=" " tag="959"><subfield code="a">NNU</subfield><subfield code="b">WEB</subfield><subfield code="c">GENI</subfield><subfield code="t">0</subfield><subfield code="m">Electronic access</subfield><subfield code="s">01</subfield></datafield><datafield ind1=" " ind2=" " tag="999"><subfield code="i">NNU_002771140</subfield><subfield code="s">nyu_aco000421</subfield><subfield code="e">(ERROR-880)</subfield></datafield></record>